<?xml version="1.0" encoding="UTF-8"?><collection xmlns="http://www.loc.gov/MARC21/slim"><record><leader>00608nam--2200205-i-4500</leader><controlfield tag="001">000019078</controlfield><controlfield tag="002">20161230</controlfield><controlfield tag="005">20161230201033</controlfield><controlfield tag="008">060222s1000------------r-----000-0-eng-d</controlfield><datafield ind1=" " ind2=" " tag="040"><subfield code="a">IFIN-HH</subfield></datafield><datafield ind1=" " ind2=" " tag="080"><subfield code="a">535.243</subfield></datafield><datafield ind1="1" ind2=" " tag="100"><subfield code="a">Elwell, W.T</subfield></datafield><datafield ind1="1" ind2="0" tag="245"><subfield code="a">Atomic-absorption spectrophotometry</subfield><subfield code="c">W.t. elwell; j.a.f. gidley</subfield></datafield><datafield ind1=" " ind2=" " tag="250"><subfield code="a">Second (Revised) Edition</subfield></datafield><datafield ind1=" " ind2=" " tag="260"><subfield code="a">BRAUNSCHWEIG</subfield><subfield code="b">Pergamon Press</subfield><subfield code="c">1966</subfield></datafield><datafield ind1=" " ind2=" " tag="300"><subfield code="a">XII + 138 P</subfield></datafield><datafield ind1=" " ind2=" " tag="490"><subfield code="a">International Series Of Monographs In Analytical Chemistry</subfield><subfield code="v">Volume 6</subfield></datafield><datafield ind1="1" ind2=" " tag="700"><subfield code="a">Gidley, J.A.F</subfield></datafield><datafield ind1=" " ind2=" " tag="852"><subfield code="a">28921</subfield><subfield code="c">535.33</subfield></datafield><datafield ind1=" " ind2=" " tag="CAT"><subfield code="a">Sys</subfield><subfield code="c">20101203</subfield><subfield code="h">100657</subfield></datafield></record></collection>